<?xml version="1.0" encoding="UTF-8"?><collection xmlns="http://www.loc.gov/MARC21/slim"><record><leader>00338nam--2200121-i-4500</leader><controlfield tag="001">000011103</controlfield><controlfield tag="002">20161230</controlfield><controlfield tag="005">20161230201029</controlfield><controlfield tag="008">060222s1000------------r-----000-0-eng-d</controlfield><datafield ind1=" " ind2=" " tag="080"><subfield code="a">621.039(016):016</subfield></datafield><datafield ind1=" " ind2=" " tag="245"><subfield code="a">Bucher zeitschriften berichte-reihen. 1964-1971</subfield></datafield><datafield ind1=" " ind2=" " tag="260"><subfield code="a">Leopoldshafen, Kernforschungszentrum, 1971. Vi+148 P</subfield></datafield><datafield ind1=" " ind2=" " tag="852"><subfield code="a">D.1290</subfield></datafield></record></collection>